%YAML 1.1
%TAG !u! tag:unity3d.com,2011:
--- !u!1 &7667415470161058869
GameObject:
  m_ObjectHideFlags: 0
  m_CorrespondingSourceObject: {fileID: 0}
  m_PrefabInstance: {fileID: 0}
  m_PrefabAsset: {fileID: 0}
  serializedVersion: 6
  m_Component:
  - component: {fileID: 7667415470161058875}
  - component: {fileID: 7667415470161058874}
  - component: {fileID: 7667415470161058873}
  - component: {fileID: 7667415470161058872}
  - component: {fileID: 7667415470161058878}
  - component: {fileID: -5441955719411770971}
  m_Layer: 10
  m_Name: Player
  m_TagString: Untagged
  m_Icon: {fileID: 0}
  m_NavMeshLayer: 0
  m_StaticEditorFlags: 0
  m_IsActive: 1
--- !u!4 &7667415470161058875
Transform:
  m_ObjectHideFlags: 0
  m_CorrespondingSourceObject: {fileID: 0}
  m_PrefabInstance: {fileID: 0}
  m_PrefabAsset: {fileID: 0}
  m_GameObject: {fileID: 7667415470161058869}
  m_LocalRotation: {x: 0, y: 0, z: 0, w: 1}
  m_LocalPosition: {x: 0, y: 1.28, z: 0}
  m_LocalScale: {x: 0.5, y: 0.5, z: 1}
  m_Children: []
  m_Father: {fileID: 0}
  m_RootOrder: 0
  m_LocalEulerAnglesHint: {x: 0, y: 0, z: 0}
--- !u!212 &7667415470161058874
SpriteRenderer:
  m_ObjectHideFlags: 0
  m_CorrespondingSourceObject: {fileID: 0}
  m_PrefabInstance: {fileID: 0}
  m_PrefabAsset: {fileID: 0}
  m_GameObject: {fileID: 7667415470161058869}
  m_Enabled: 1
  m_CastShadows: 0
  m_ReceiveShadows: 0
  m_DynamicOccludee: 1
  m_MotionVectors: 1
  m_LightProbeUsage: 1
  m_ReflectionProbeUsage: 1
  m_RayTracingMode: 0
  m_RenderingLayerMask: 1
  m_RendererPriority: 0
  m_Materials:
  - {fileID: 10754, guid: 0000000000000000f000000000000000, type: 0}
  m_StaticBatchInfo:
    firstSubMesh: 0
    subMeshCount: 0
  m_StaticBatchRoot: {fileID: 0}
  m_ProbeAnchor: {fileID: 0}
  m_LightProbeVolumeOverride: {fileID: 0}
  m_ScaleInLightmap: 1
  m_ReceiveGI: 1
  m_PreserveUVs: 0
  m_IgnoreNormalsForChartDetection: 0
  m_ImportantGI: 0
  m_StitchLightmapSeams: 1
  m_SelectedEditorRenderState: 0
  m_MinimumChartSize: 4
  m_AutoUVMaxDistance: 0.5
  m_AutoUVMaxAngle: 89
  m_LightmapParameters: {fileID: 0}
  m_SortingLayerID: 509497119
  m_SortingLayer: 2
  m_SortingOrder: 0
  m_Sprite: {fileID: 2202609610995777870, guid: 61a8bd65f6ad0944091414cef32bf2e9,
    type: 3}
  m_Color: {r: 1, g: 1, b: 1, a: 1}
  m_FlipX: 0
  m_FlipY: 0
  m_DrawMode: 2
  m_Size: {x: 1.28, y: 2.56}
  m_AdaptiveModeThreshold: 0.5
  m_SpriteTileMode: 0
  m_WasSpriteAssigned: 1
  m_MaskInteraction: 0
  m_SpriteSortPoint: 0
--- !u!50 &7667415470161058873
Rigidbody2D:
  serializedVersion: 4
  m_ObjectHideFlags: 0
  m_CorrespondingSourceObject: {fileID: 0}
  m_PrefabInstance: {fileID: 0}
  m_PrefabAsset: {fileID: 0}
  m_GameObject: {fileID: 7667415470161058869}
  m_BodyType: 0
  m_Simulated: 1
  m_UseFullKinematicContacts: 0
  m_UseAutoMass: 0
  m_Mass: 1
  m_LinearDrag: 0
  m_AngularDrag: 0.05
  m_GravityScale: 1
  m_Material: {fileID: 0}
  m_Interpolate: 0
  m_SleepingMode: 1
  m_CollisionDetection: 0
  m_Constraints: 4
--- !u!114 &7667415470161058872
MonoBehaviour:
  m_ObjectHideFlags: 0
  m_CorrespondingSourceObject: {fileID: 0}
  m_PrefabInstance: {fileID: 0}
  m_PrefabAsset: {fileID: 0}
  m_GameObject: {fileID: 7667415470161058869}
  m_Enabled: 1
  m_EditorHideFlags: 0
  m_Script: {fileID: 11500000, guid: 72b7a1a772a4cfa46bdce4d17f7fdda7, type: 3}
  m_Name: 
  m_EditorClassIdentifier: 
  canUseJumpingPlatform: 1
  hitpoints: 1
  canBeStunned: 1
  maxStunTime: 0
  acceleration: 0.01
  maxMoveSpeed: 3.5
  maxRunSpeed: 7
  playerSprites:
  - {fileID: 4242013629206054292, guid: 61a8bd65f6ad0944091414cef32bf2e9, type: 3}
  - {fileID: 4830846407264171338, guid: 61a8bd65f6ad0944091414cef32bf2e9, type: 3}
  - {fileID: 5717659237142359882, guid: 61a8bd65f6ad0944091414cef32bf2e9, type: 3}
  - {fileID: -6125472264897654570, guid: 61a8bd65f6ad0944091414cef32bf2e9, type: 3}
  - {fileID: 6832988882758962962, guid: 61a8bd65f6ad0944091414cef32bf2e9, type: 3}
  - {fileID: -9107351007244094969, guid: 61a8bd65f6ad0944091414cef32bf2e9, type: 3}
  - {fileID: -4720974756275666614, guid: 61a8bd65f6ad0944091414cef32bf2e9, type: 3}
  - {fileID: 2202609610995777870, guid: 61a8bd65f6ad0944091414cef32bf2e9, type: 3}
  - {fileID: 8623589692669517326, guid: 61a8bd65f6ad0944091414cef32bf2e9, type: 3}
  - {fileID: 1526111759521600013, guid: 61a8bd65f6ad0944091414cef32bf2e9, type: 3}
  - {fileID: -2097939044771978295, guid: 61a8bd65f6ad0944091414cef32bf2e9, type: 3}
  animator: {fileID: 0}
--- !u!61 &7667415470161058878
BoxCollider2D:
  m_ObjectHideFlags: 0
  m_CorrespondingSourceObject: {fileID: 0}
  m_PrefabInstance: {fileID: 0}
  m_PrefabAsset: {fileID: 0}
  m_GameObject: {fileID: 7667415470161058869}
  m_Enabled: 1
  m_Density: 1
  m_Material: {fileID: 0}
  m_IsTrigger: 0
  m_UsedByEffector: 0
  m_UsedByComposite: 0
  m_Offset: {x: 0, y: -0.49083376}
  m_SpriteTilingProperty:
    border: {x: 0, y: 0, z: 0, w: 0}
    pivot: {x: 0.5, y: 0.5}
    oldSize: {x: 1.28, y: 2.56}
    newSize: {x: 1.28, y: 2.56}
    adaptiveTilingThreshold: 0.5
    drawMode: 2
    adaptiveTiling: 0
  m_AutoTiling: 0
  serializedVersion: 2
  m_Size: {x: 1.28, y: 1.5783324}
  m_EdgeRadius: 0
--- !u!95 &-5441955719411770971
Animator:
  serializedVersion: 3
  m_ObjectHideFlags: 0
  m_CorrespondingSourceObject: {fileID: 0}
  m_PrefabInstance: {fileID: 0}
  m_PrefabAsset: {fileID: 0}
  m_GameObject: {fileID: 7667415470161058869}
  m_Enabled: 1
  m_Avatar: {fileID: 0}
  m_Controller: {fileID: 9100000, guid: 3cb3f5f5fdc0e75489fed69be802a382, type: 2}
  m_CullingMode: 0
  m_UpdateMode: 0
  m_ApplyRootMotion: 0
  m_LinearVelocityBlending: 0
  m_WarningMessage: 
  m_HasTransformHierarchy: 1
  m_AllowConstantClipSamplingOptimization: 1
  m_KeepAnimatorControllerStateOnDisable: 0
